@misc{acklam-2010,
  author = "Peter John Acklam",
  title = "An algorithm for computing the inverse normal cumulative distribution
                  function",
  howpublished = "\url{http://home.online.no/~pjacklam/notes/invnorm/}",
  note = "accessed October 4, 2012",
}

@article{ae-pashkin-1970,
  author = "Yu. G. Pashkin",
  title = "Accuracy of the {W}igner approximation",
  journal = "Atomic Energy",
  volume = 28,
  number = 2,
  pages = "184--185",
  year = 1970,
  doi = "10.1007/BF01162626",
}

@article{ane-becker-2009,
  author = "Bjorn Becker and R. Dagan and G. Lohnert",
  title = "Proof and implementation of the stochastic formula for ideal gas,
                  energy dependent scattering kernel",
  journal = "Ann. Nucl. Energy",
  volume = 36,
  number = 4,
  pages = "470--474",
  month = may,
  year = 2009
}

@article{ane-brissenden-1986,
  author = "R. J. Brissenden and A. R. Garlick",
  title = "Biases in the Estimation of $k_{eff}$ and its Error by {M}onte
                 {C}arlo Methods",
  journal = "Ann. Nucl. Energy",
  volume = 13,
  number = 2,
  pages = "63--83",
  year = 1986,
}

@article{ane-cetnar-2006,
  author = "Jerzy Cetnar",
  title = "General solution of {B}ateman equations for nuclear transmutation",
  journal = "Ann. Nucl. Energy",
  volume = 33,
  pages = "640--645",
  year = 2006,
}

@article{ane-dufek-2007,
  author = "Jan Dufek and Wac{\l}aw Gudowski",
  title = "Fission matrix based {M}onte {C}arlo criticality calculations",
  journal = "Ann. Nucl. Energy",
  volume = 36,
  number = 8,
  pages = "1270--1275",
  month = aug,
  year = 2009,
  doi = "10.1016/j.anucene.2009.05.003"
}

@article{ane-fridman-2011,
  author = "Emil Fridman and Jaakko Lepp{\"{a}}nen",
  title = "On the use of the Serpent {M}onte {C}arlo code for few-group cross
                  section generation",
  journal = "Ann. Nucl. Energy",
  volume = 38,
  number = 6,
  pages = "1399--1405",
  month = jun,
  year = 2011,
}

@article{ane-leppanen-2009,
  author = "Jaakko Lepp{\"{a}}nen",
  title = "Two practical methods for unionized energy grid construction in
                 continuous-energy {M}onte {C}arlo neutron transport
                 calculation",
  journal = "Ann. Nucl. Energy",
  volume = 36,
  pages = "878--885",
  year = 2009
}

@article{ane-romano-2013,
  author = "Paul K. Romano and Benoit Forget",
  title = "The {OpenMC} {M}onte {C}arlo Particle Transport Code",
  journal = "Ann. Nucl. Energy",
  volume = 51,
  pages = "274--281",
  year = 2013,
  doi = "10.1016/j.anucene.2012.06.040",
}

@article{ane-ueki-2011,
  author = "Taro Ueki",
  title = "Batch estimation of statistical errors in the {M}onte {C}arlo
                  calculation of local powers",
  journal = "Ann. Nucl. Energy",
  volume = 38,
  pages = "2462--2469",
  year = 2011
}

@inproceedings{anfm-romano-2009,
  author = "Paul K. Romano and Benoit Forget and Thomas H. Newton, Jr.",
  title = "Development of a Graphical User Interface for In-Core Fuel Management
                  Using {MCODE}",
  booktitle = "Advances in Nuclear Fuel Management IV",
  address = "Hilton Head Island, South Carolina",
  month = apr,
  year = 2009
}

@techreport{anl-gelbard-1979,
  author = "Ely M. Gelbard",
  title = "Epithermal scattering in {VIM}",
  institution = "Argonne National Laboratory",
  number = "FRA-TM-123",
  year = 1979
}

@book{bell-1970,
  author = "George I. Bell and Samuel Glasstone",
  title = "Nuclear Reactor Theory",
  publisher = "Van Nostrand",
  year = 1970,
  address = "Princeton, New Jersey"
}

@techreport{bnl-herman-2009,
  author = "M. Herman and A. Trkov",
  title = "{ENDF}-6 Formats Manual. Data Formats and Procedures for the
                  Evaluated Nuclear Data File {ENDF/B-VI} and {ENDF/B-VII}",
  institution = "Brookhaven National Laboratory",
  number = "BNL-90365-2009",
  month = jun,
  year = 2009
}

@article{biometrika-shapiro-1965,
  author = "S. S. Shapiro and M. B. Wilk",
  title = "An analysis of variance test for normality (complete samples)",
  journal = "Biometrika",
  volume = 52,
  number = "3--4",
  pages = "591--611",
  year = 1965,
}

@book{carlson-1965,
  title = "Transport Theory: The Method of Discrete Ordinates",
  author = "B. G. Carlson and K. D. Lathrop",
  year = 1965,
  publisher = "Los Alamos Scientific Laboratory of the University of California"
}

@article{cis-george-1987,
  author = "E. E. Olusegun George and Meenakshi Sivaram",
  title = "A modification of the {F}isher-{C}ornish approximation for the
                  student t percentiles",
  journal = "Communication in Statistics - Simulation and Computation",
  volume = 16,
  number = 4,
  pages = "1123--1132",
  year = 1987,
}

@article{cpe-wallcraft-2000,
  author = "Alan J. Wallcraft",
  title = "{SPMD} {O}pen{MP} versus {MPI} for ocean models",
  journal = "Concurrency - Practice and Experience",
  volume = 12,
  number = 12,
  year = 2000,
  pages = "1155--1164",
}

@book{foderaro-1971,
  author = "Anthony Foderaro",
  title = "The Elements of Neutron Interaction Theory",
  publisher = "MIT Press",
  address = "Cambridge, Massachusetts",
  year = 1971,
}

@book{gropp-1999,
  author = "W. Gropp and E. Lusk and A. Skjellum",
  title = "Using {MPI}: Portable Parallel Programming with the Message Passing
                  Interface",
  volume = 1,
  year = 1999,
  publisher = "MIT Press"
}

@inproceedings{hipc-niu-2012,
  author = "Qingpeng Niu and James Dinan and Sravya Tirukkovalur and Lubos Mitas
                  and Lucas Wagner and P. Sadayappan",
  title = "A Global Address Space Approach to Automated Data Management for
                  Parallel Quantum {M}onte {C}arlo Applications",
  booktitle = "IEEE International Conference on High Performance Computing",
  address = "Pune, India",
  month = dec,
  year = 2012,
}

@inproceedings{hlrs-workshop-2011,
  author = "Jason Beech-Brandt",
  title = "Gemini description, {MPI}",
  booktitle = "HLRS Cray XE6 Optimization Workshop",
  address = "Stuttgart, Germany",
  month = "Feb. 2--4",
  year = 2011,
}

@techreport{iaea-cullen-2012,
  author = "Dermott E. Cullen",
  title = "{PREPRO} 2012 - 2012 {ENDF-6} Pre-processing Codes",
  institution = "International Atomic Energy Agency",
  number = "IAEA-NDS-39, Rev. 15",
  month = oct,
  year = 2012,
}

@techreport{icsbep-2009,
  author = "{NEA Nuclear Science Committee}",
  title = "International Handbook of Evaluated Criticality Safety Benchmark
                  Experiments",
  institution = "OECD Nuclear Energy Agency",
  number = "NEA/NSC/DOC(95)03",
  year = 2009
}

@article{ijhpca-mpich-2005,
  author = "R. Thakur and R. Rabenseifner and W. Gropp",
  title = "Optimization of Collective Communication Operations in {MPICH}",
  journal = "Int. J. High Perf. Comput. Appl.",
  volume = 19,
  number = 1,
  pages = "119--128",
  year = 2005,
}

@article{jama-metropolis-1949,
  author = "Nicholas Metropolis and Stanislaw Ulam",
  title = "The {M}onte {C}arlo Method",
  journal = "J. Am. Stat. Assoc.",
  volume = 44,
  number = 247,
  pages = "335--341",
  month = sep,
  year = 1949,
}

@article{jcp-brunner-2006,
  author = "Thomas A. Brunner and Todd J. Urbatsch and Thomas M. Evans and
                  Nicholas A. Gentile",
  title = "Comparison of four parallel algorithms for domain decomposed implicit
                  {M}onte {C}arlo",
  journal = "J. Comput. Phys.",
  volume = 212,
  pages = "527--539",
  year = 2006,
  doi = "10.1016/j.jcp.2005.07.009",
}

@article{jcp-brunner-2009,
  author = "Thomas A. Brunner and Patrick S. Brantley",
  title = "An efficient, robust, domain-decomposition algorithm for particle
                  {M}onte {C}arlo",
  journal = "J. Comput. Phys.",
  volume = 228,
  pages = "3882--3890",
  year = 2009,
  doi = "10.1016/j.jcp.2009.02.013"
}

@article{jcp-romano-2013,
  author = "Paul K. Romano and Andrew R. Siegel and Benoit Forget and Kord
                  Smith",
  title = "Data decomposition of {M}onte {C}arlo particle transport simulations
                  via tally servers",
  journal = "J. Comput. Phys.",
  note = "Submitted",
  year = 2012,
}

@article{jcp-siegel-2012-1,
  author = "Andrew Siegel and Kord Smith and Paul Fischer and Vijay Mahadevan",
  title = "Analysis of communication costs for domain decomposed {M}onte {C}arlo
                  methods in nuclear reactor analysis",
  journal = "J. Comput. Phys.",
  volume = 231,
  pages = "3119--3125",
  year = 2012,
  doi = "10.1016/j.jcp.2011.12.014"
}

@article{jcp-siegel-2012-2,
  author = "Andrew R. Siegel and Kord Smith and Paul K. Romano and Benoit Forget
                  and Kyle Felker",
  title = "The effect of load imbalances on the performance of {M}onte {C}arlo
                  codes in {LWR} analysis",
  journal = "J. Comput. Phys.",
  year = 2012,
  doi = "10.1016/j.jcp.2012.06.012"
}

@article{jkns-chang-2009,
  author = "Jonhhwa Chang and Nam Zin Cho",
  title = "Some Outstanding Problems in Neutron Transport Computation",
  journal = "J. Korean Nuc. Soc.",
  volume = 41,
  number = 4,
  pages = "381--390",
  year = 2009,
}

@article{net-martin-2012,
  author = "William R. Martin",
  title = "Challenges and Prospects for Whole-Core {M}onte {C}arlo Analysis",
  journal = "Nucl. Eng. Technol.",
  volume = 44,
  number = 2,
  pages = "151--160",
  month = mar,
  year = 2012,
  doi = "10.5516/NET.01.2012.502"
}

@article{jnst-ueki-2011,
  author = "Taro Ueki and Bryan S. Chapman",
  title = "Particle Population Diagnosis and {E}uclidean Minimum Spanning Tree
                  in {M}onte {C}arlo Calculation of Power Distribution",
  journal = "J. Nucl. Sci. Technol.",
  volume = 48,
  number = 2,
  pages = "292--302",
  year = 2011
}

@article{jnst-yamamoto-2004,
  author = "Toshihiro Yamamoto and Yoshinori Miyoshi",
  title = "Reliable Method for Fission Source Convergence of {M}onte {C}arlo
                  Criticality Calculation with {W}ielandt's method",
  journal = "J. Nucl. Sci. Technol.",
  volume = 41,
  number = 2,
  pages = "99--107",
  month = feb,
  year = 2004,
  doi = "10.1080/18811248.2004.9715465"
}

@article{jrss-geary-1930,
  author = "Robert C. Geary",
  title = "The Frequency Distribution of the Quotient of Two Normal Variates",
  journal = "J. Roy. Stat. Soc.",
  volume = 93,
  number = 3,
  pages = "442--446",
  year = 1930,
}

@article{js-alme-2001,
  author = "Henry J. Alme",
  title = "Domain Decomposition Models for Parallel {M}onte {C}arlo Transport",
  journal = "J. Supercomput.",
  volume = 18,
  number = 1,
  pages = "5--23",
  year = 2001,
  doi = "10.1023/A:1008196906753"
}

@book{knuth-2006,
  title = "The Art of Computer Programming",
  author = "Donald E. Knuth",
  year = 2006,
  publisher = "Addison-Wesley",
}

@techreport{lanl-brown-2005,
  author = "Forrest B. Brown",
  title = "Fundamentals of {M}onte {C}arlo Transport",
  institution = "Los Alamos National Laboratory",
  number = "LA-UR-05-4983",
  year = 2005,
}

@techreport{lanl-carney-2012,
  author = "Sean E. Carney and Forrest B. Brown and Brian C. Kiedrowski and
                  William R. Martin",
  title = "Fission Matrix Capability for {MCNP} {M}onte {C}arlo",
  institution = "Los Alamos National Laboratory",
  number = "LA-UR-12-24533",
  month = aug,
  year = 2012
}

@techreport{lanl-everett-1983,
  author = "C. J. Everett and E. D. Cashwell",
  title = "A Third {M}onte {C}arlo Sampler",
  institution = "Los Alamos National Laboratory",
  number = "LA-9721-MS",
  year = 1983,
}

@techreport{lanl-macfarlane-1994,
  author = "R. E. MacFarlane and D. W. Muir",
  title = "The {NJOY} Nuclear Data Processing System, Version 91",
  institution = "Los Alamos National Laboratory",
  number = "LA12740-M",
  month = dec,
  year = 1994,
}

@techreport{lanl-mosteller-2010,
  author = "Russell D. Mosteller",
  title = "An Expanded Criticality Validation Suite for {MCNP}",
  institution = "Los Alamos National Laboratory",
  number = "LA-UR-10-06230",
  year = 2010
}

@techreport{lanl-romano-2009,
  author = "Paul K. Romano and Benoit Forget and Forrest Brown",
  title = "Data Decomposition for {M}onte {C}arlo Transport Applications:
                  Initial Results and Findings",
  institution = "Los Alamos National Laboratory",
  number = "LA-UR-09-05721",
  year = 2009
}

@techreport{lanl-x5-2008,
  author = "{X-5 Monte Carlo Team}",
  title = "{MCNP} - A General {M}onte {C}arlo N-Particle Transport Code,
                  Version 5",
  institution = "Los Alamos National Laboratory",
  number = "LA-UR-03-1987",
  month = feb,
  year = 2008,
}

@techreport{lanl-x5-2008-ace,
   author = "{X-5 Monte Carlo Team}",
   title = "{MCNP - A General Monte Carlo N-Particle Transport Code,
                  Version 5, Volume III: Developer's Guide}",
   institution = "Los Alamos National Laboratory",
   number = "LA-CP-03-0284",
   month = feb,
   year = 2008
}

@techreport{lanl-young-2011,
  author = "Mitchell T.H. Young and Forrest B. Brown and Brian C. Kiedrowski and
                  William R. Martin",
  title = "Coarse Mesh Finite Difference in MCNP5",
  institution = "Los Alamos National Laboratory",
  number = "LA-UR-11-04834",
  month = aug,
  year = 2011
}

@misc{markus-2008,
  author = "Arjen Markus",
  title = "{XML-Fortran Page}",
  howpublished = "\url{http://xml-fortran.sourceforge.net}",
  note = "accessed January 12, 2012"
}

@article{mathcomp-lecuyer-1999,
  author = "Pierre L'Ecuyer",
  title = "Tables of Linear Congruential Generators of Different Sizes and Good
                  Lattice Structures",
  journal = "Math. Comput.",
  volume = 68,
  number = 225,
  pages = "249--260",
  month = jan,
  year = 1999,
  doi = "10.1090/S0025-5718-99-00996-5"
}

@inproceedings{mc-brown-2007,
  author = "Forrest Brown",
  title = "{W}ielandt Acceleration for {MCNP5} {M}onte {C}arlo Eigenvalue
                  Calculations",
  booktitle = "Joint International Topical Meeting on Mathematics \&
                  Computation and Supercomputing in Nuclear Applications",
  address = "Monterey, California",
  month = apr,
  year = 2007
}

@inproceedings{mc-greenman-2009,
   author = "Gregory Greenman and Matthew O'Brien and Richard Procassini and
                  Kenneth Joy",
   title = "Enhancements to the combinatorial geometry particle tracker in the
                  {M}ercury {M}onte {C}arlo transport code: Embedded meshes and
                  domain decomposition",
   booktitle = "International Conference on Mathematics, Computational Methods
                  and Reactor Physics",
   address = "Saratoga Springs, New York",
   month = may,
   year = 2009
}

@inproceedings{mc-hoogenboom-2009,
  author = "J. E. Hoogenboom and William R. Martin",
  title = "A Proposal for a Benchmark to Monitor the Performance of Detailed
                  {M}onte {C}arlo Calculation of Power Densities in a Full Size
                  Reactor Core",
  booktitle = "Int. Conf. Mathematics, Computational Methods, and Reactor
                  Physics",
  address = "Saratoga Springs, New York",
  month = may,
  year = 2009
}

@inproceedings{mc-hoogenboom-2011,
  author = "J. Eduard Hoogenboom and William R. Martin and Bojan Petrovic",
  title = "The {M}onte {C}arlo Performance Benchmark Test - Aims,
                  Specifications and First Results",
  booktitle = "Int. Conf. Mathematics and Computational Methods Applied to
                  Nuclear Science and Engineering",
  address = "Rio de Janeiro, Brazil",
  month = may,
  year = 2011
}

@inproceedings{mc-martin-2007,
  author = "William R. Martin",
  title = "Advances in {M}onte {C}arlo Methods for Global Reactor Analysis",
  booktitle = "Joint International Topical Meeting on Mathematics \& Computation
                  and Supercomputing in Nuclear Applications",
  address = "Monterey, California",
  month = apr,
  year = 2007,
  note = "Invited Lecture",
}

@inproceedings{mc-nease-2009,
  author = "Brian Nease and Taro Ueki and Thomas Sutton and Forrest Brown",
  title = "Instructive Concepts about the {M}onte {C}arlo Fission Source
                  Distribution",
  booktitle = "Int. Conf. Mathematics, Computational Methods, and Reactor
                  Physics",
  address = "Saratoga Springs, New York",
  month = may,
  year = 2009
}

@inproceedings{mc-procassini-2005,
  author = "Richard Procassini and Matthew O'Brien and Janine Taylor",
  title = "Load Balancing of Parallel {M}onte {C}arlo Transport Calculations",
  booktitle = "Mathematics and Computation, Supercomputing, Reactor Physics and
                  Nuclear and Biological Applications",
  address = "Avignon, France",
  month = sep,
  year = 2005,
}

@inproceedings{mc-procassini-2007,
  author = "Richard Procassini and Dermott Cullen and Gregory Greenman and
                  Christian Hagmann and Kevin Kramer and Scott McKinley and
                  Matthew O'Brien and Janine Taylor",
  title = "New Capabilities in {M}ercury: A Modern, {M}onte {C}arlo Particle
                  Transport Code",
  booktitle = "Joint International Topical Meeting on Mathematics \& Computation
                  and Supercomputing in Nuclear Applications",
  address = "Monterey, California",
  month = apr,
  year = 2007
}

@inproceedings{mc-romano-2009,
  author = "Paul K. Romano",
  title = "Application of the Stochastic Oscillator to Assess Source Convergence
                  in {M}onte {C}arlo Criticality Calculations",
  booktitle = "Int. Conf. Mathematics, Computational Methods, and Reactor
                  Physics",
  address = "Saratoga Springs, New York",
  month = may,
  year = 2009,
}

@inproceedings{mc-romano-2013,
  author = "Paul K. Romano and Bryan R. Herman and Nicholas E. Horelik and
                  Benoit Forget and Kord Smith and Andrew R. Siegel",
  title = "Progress and Status of the {OpenMC} {M}onte {C}arlo Code",
  booktitle = "International Conference on Mathematics and Computational Methods
                  Applied to Nuclear Science \& Engineering",
  address = "Sun Valley, Idaho",
  month = may,
  year = 2013
}

@inproceedings{mc-she-2011,
  author = "Bo Shi and Bojan Petrovic",
  title = "Convergence Diagnostics for Eigenvalue Problems with Linear
                  Regression Model", 
  booktitle = "International Conference on Mathematics and Computational Methods
                  Applied to Nuclear Science and Engineering",
  address = "Rio de Janeiro, Brazil",
  month = may,
  year = 2011,
}

@inproceedings{mc-smith-2003,
  author = "Kord Smith",
  title = "Reactor Core Methods",
  booktitle = "M\&C 2003",
   note = "Plenary Presentation",
  address = "Gatlinburg, Tennessee",
  month = apr,
  year = 2003,
}

@inproceedings{mc-sutton-2007,
  author = "Thomas M. Sutton and Timothy J. Donovan and Timothy H. Trumbull and
                  Peter S. Dobreff and E. Caro and David P. Griesheimer and
                  L. J. Tyburski and David C. Carpenter and H. Joo",
  title = "The {MC21} {M}onte {C}arlo Transport Code",
  booktitle = "Joint International Topical Meeting on Mathematics \& Computation
                  and Supercomputing in Nuclear Applications",
  address = "Monterey, California",
  month = apr,
  year = 2007
}

@inproceedings{mc-sutton-2009,
   author = "Thomas M. Sutton and Timothy H. Trumbull and Cecil R. Lubitz",
   title = "Comparison of Some {M}onte {C}arlo Models for Bound {H}ydrogen
                  Scattering",
   booktitle = "International Conference on Mathematics, Computational Methods
                  and Reactor Physics",
   address = "Saratoga Springs, New York",
   month = may,
   year = 2009
}

@inproceedings{mc-toth-2007-1,
  author = "David P. Griesheimer and Bryan E. Toth",
  title = "A Novel Source Convergence Acceleration Scheme for {M}onte {C}arlo
                  Criticality Calculations, Part {I}: Theory",
  booktitle = "Joint International Topical Meeting on Mathematics \& Computation
                  and Supercomputing in Nuclear Applications",
  address = "Monterey, California",
  month = apr,
  year = 2007
}

@inproceedings{mc-toth-2007-2,
  author = "Bryan E. Toth and David P. Griesheimer",
  title = "A Novel Source Convergence Acceleration Scheme for {M}onte {C}arlo
                  Criticality Calculations, Part {II}: Implementation \&
                  Results",
  booktitle = "Joint International Topical Meeting on Mathematics \& Computation
                  and Supercomputing in Nuclear Applications",
  address = "Monterey, California",
  month = apr,
  year = 2007
}

@inprooceedings{montecarlo-obrien-2005,
  author = "Matthew O'Brien and Janine Taylor and Richard Procassini",
  title = "Dynamic Load Balancing of Parallel {M}onte {C}arlo Transport
                  Calculations",
  booktitle = "The Monte Carlo Method: Versatility Unbounded in a Dynamic
                  Computing World",
  address = "Chattanooga, Tennessee",
  month = apr,
  year = 2005,
}

@article{nds-chadwick-2011,
  author = "M. B. Chadwick and M. Herman and P. Oblo{\v{z}}insk{\`y} and
                  M. E. Dunn and Yaron Danon and A. C. Kahler and D. L. Smith
                  and B. Pritychenko and G. Arbanas and R. Arcilla and others",
  title = "ENDF/B-VII.1 Nuclear Data for Science and Technology: Cross Sections,
                  Covariances, Fission Product Yields and Decay Data",
  journal = "Nucl. Data Sheets",
  volume = 112,
  number = 12,
  pages = "2887--2996",
  year = 2011,
}

@article{nds-macfarlane-2010,
  author = "R. E. MacFarlane and A. C. Kahler",
  title = "Methods for Processing {ENDF/B-VII} with {NJOY}",
  journal = "Nucl. Data Sheets",
  volume = 111,
  pages = "2739--2890",
  year = 2010,
}

@article{nse-cullen-1976,
  author = "Dermett E. Cullen and Charles R. Weisbin",
  title = "Exact {D}oppler Broadening of Tabulated Cross Sections",
  journal = "Nucl. Sci. Eng.",
  volume = 60,
  pages = "199--229",
  year = 1976,
}

@article{nse-doyas-1972,
  author = "Richard J. Doyas and Sterrett T. Perkins",
  title = "Interpolation of Tabular Secondary Neutron and Photon Energy
                  Distributions",
  journal = "Nucl. Sci. Eng.",
  volume = 50,
  pages = "390--392",
  year = 1972,
}

@article{nse-levitt-1972,
  author = "Leo B. Levitt",
  title = "The Probability Table Method for Treating Unresolved Neutron
                  Resonances in {M}onte {C}arlo Calculations",
  journal = "Nucl. Sci. Eng.",
  volume = 49,
  pages = "450--457",
  year = 1972,
}

@article{nse-pounders-2009,
  author = "Justin M. Pounders and Farzad Rahnema",
  title = "On the Diffusion Coefficients for Reactor Physics Applications",
  journal = "Nucl. Sci. Eng.",
  volume = 163,
  number = 3,
  pages = "243--262",
  month = nov,
  year = 2009,
}

@article{nse-romano-2012,
  author = "Paul K. Romano and Benoit Forget",
  title = "Parallel Fission Bank Algorithms in {M}onte {C}arlo Criticality
                  Calculations",
  journal = "Nucl. Sci. Eng.",
  volume = 170,
  number = 2,
  pages = "125--135",
  year = 2012
}

@article{nse-ueki-2005,
  author = "Taro Ueki",
  title = "Information Theory and Undersampling Diagnostics for {M}onte {C}arlo
                  Simulation of Nuclear Criticality",
  journal = "Nucl. Sci. Eng.",
  volume = 151,
  pages = "283--292",
  year = 2005
}

@article{nse-ueki-2008,
  author = "Taro Ueki",
  title = "On-the-Fly Diagnostics of Particle Population in Iterated-Source
                  {M}onte {C}arlo Methods",
  journal = "Nucl. Sci. Eng.",
  volume = 158,
  pages = "15--27",
  year = 2008
}

@article{nse-viitanen-2012,
  author = "Tuomas Viitanen and Jaakko Lepp{\"{a}}nen",
  title = "Explicit Treatment of Thermal Motion in Continuous-Energy {M}onte
                  {C}arlo Tracking Routines",
  journal = "Nucl. Sci. Eng.",
  volume = 171,
  pages = "165--173",
  year = 2012,
}

@article{nse-yesilyurt-2012,
  author = "Gokhan Yesilyurt and William R. Martin and Forrest B. Brown",
  title = "On-the-Fly {D}oppler Broadening for {M}onte {C}arlo codes",
  journal = "Nucl. Sci. Eng.",
  volume = 171,
  pages = "239--257",
  year = 2012
}

@article{nt-goorley-2012,
  author = "T. Goorley and M. James and T. Booth and F. Brown and J. Bull and
                  L. J. Cox and J. Durkee and J. Elson and M. Fensin and
                  R. A. Forster and J. Hendricks and H. G. Hughes and R. Johns
                  and B. Kiedrowski and R. Martz and S. Mashnik and G. McKinney
                  and D. Pelowitz and R. Prael and J. Sweezy and L. Waters and
                  T. Wilcox and T. Zukaitis",
  title = "Initial {MCNP5} Release Overview",
  journal = "Nucl. Technol.",
  volume = 180,
  number = 3,
  pages = "298--315",
  month = dec,
  year = 2012
}

@article{nt-trumbull-2006,
  author = "Timothy H. Trumbull",
  title = "Treatment of Nuclear Data for Transport Problems Contained Detailed
                  Temperature Distributions",
  journal = "Nucl. Technol.",
  volume = 156,
  number = 1,
  pages = "75--86",
  month = oct,
  year = 2006,
}

@article{nukleonik-lieberoth-1968,
  author = "J. Lieberoth",
  title = "A {M}onte {C}arlo Technique to Solve the Static Eigenvalue Problem
                  of the {B}oltzmann Transport Equation",
  journal = "Nukleonik",
  volume = 11,
  number = 5,
  pages = "213--219",
  year = 1968,
}

@techreport{ornl-beguelin-1991,
  author = "A. Beguelin and J. Dongarra and A. Geist and R. Manchek and
                  V. Sunderam",
  title = "A Users' Guide to {PVM} (Parallel Virtual Machine)",
  institution = "Oak Ridge National Laboratory",
  number = "ORNL/TM-11826",
  month = jul,
  year = 1991
}

@techreport{ornl-petrie-1990,
  author = "L. M. Petrie and N. F. Landers",
  title = "{SCALE}: A Modular Code System for Performing Standardized Computer
                  Analyses for Licensing Evaluation.",
  institution = "U.S. Nuclear Regulatory Commission",
  number = "NUREG/CR-0200, Rev. 4",
  year = 1990,
}

@inproceedings{physor-brown-2006,
  author = "Forrest B. Brown",
  title = "On the Use of {S}hannon Entropy of the Fission Distribution for
                  Assessing Convergence of {M}onte {C}arlo Criticality
                  Calculations",
  booktitle = "ANS Topical Meeting on Reactor Physics",
  address = "Vancouver, Canada",
  month = sep,
  year = 2006
}

@inproceedings{physor-hoogenboom-2012,
  author = "J. Eduard Hoogenboom",
  title = "Is {M}onte {C}arlo Embarassingly Parallel?",
  booktitle = "PHYSOR -- Advances in Reactor Physics -- Linking Research,
                  Industry, and Education",
  address = "Knoxville, Tennessee",
  month = apr,
  year = 2012
}  

@inproceedings{physor-kelly-2010,
  author = "Daniel J. Kelly and Thomas M. Sutton and Timothy H. Trumbull and
                  Peter S. Dobreff",
  title = "{MC21} {M}onte {C}arlo Analysis of the Hoogenboom-Martin Full-Core
                  PWR Benchmark Problem",
  booktitle = "PHYSOR -- Advances in Reactor Physics to Power the Nuclear
                  Renaissance",
  address = "Pittsburgh, Pennsylvania",
  month = may,
  year = 2010
}

@inproceedings{physor-kelly-2012,
  author = "Daniel J. Kelly and Thomas M. Sutton and Stephen C. Wilson",
  title = "{MC21} Analysis of the {N}uclear {E}nergy {A}gency {M}onte {C}arlo
                  Performance Benchmark Problem",
  booktitle = "PHYSOR -- Advances in Reactor Physics -- Linking Research,
                  Industry, and Education",
  address = "Knoxville, Tennessee",
  month = apr,
  year = 2012
}

@inproceedings{physor-lee-2010,
  author = "Min Jae Lee and Han Gyu Joo and Deokjung Lee and Kord Smith",
  title = "Investigation of {CMFD} Accelerated {M}onte {C}arlo Eigenvalue
                  Calculation with Simplified Low Dimensional Multigroup
                  Formulation",
  booktitle = "PHYSOR -- Advances in Reactor Physics to Power the Nuclear
                  Renaissance",
  address = "Pittsburgh, Pennsylvania",
  month = may,
  year = 2010
}

@inproceedings{physor-lee-2012,
  author = "Min Jae Lee and Han Gyu Joo and Deokjung Lee and Kord Smith",
  title = "{M}onte {C}arlo Reactor Calculation with Substantially Reduced Number
                  of Cycles",
  booktitle = "PHYSOR -- Advances in Reactor Physics -- Linking Research,
                  Industry, and Education",
  address = "Knoxville, Tennessee",
  month = apr,
  year = 2012
}

@inproceedings{physor-mervin-2012,
  author = "Brenden T. Mervin and Scott W. Mosher and Thomas M. Evans and John
                  C. Wagner and G. I. Maldonado",
  title = "Variance estimation in domain decomposed {M}onte {C}arlo eigenvalue
                  calculations",
  booktitle = "PHYSOR -- Advances in Reactor Physics -- Linking Research,
                  Industry, and Education",
  address = "Knoxville, Tenneessee",
  year = 2012
}

@inproceedings{physor-pavlou-2012,
  author = "Andrew T. Pavlou and Forrest B. Brown and William R. Martin and
                  Brian C. Kiedrowski",
  title = "Comparison of Discrete and Continuous Thermal Neutron Scattering
                  Treatments in {MCNP5}",
  booktitle = "PHYSOR -- Advances in Reactor Physics -- Linking Research,
                  Industry, and Education",
  address = "Knoxville, Tenneessee",
  month = apr,
  year = 2012
}

@inproceedings{physor-sly-2012,
  author = "Nicholas C. Sly and Brendan T. Mervin and Scott W. Mosher and Thomas
                  M. Evans and John C. Wagner and G. Ivan Maldonado",
  title = "Verification of the {S}hift {M}onte {C}arlo Code with the {C5G7}
                  Reactor Benchmark",
  booktitle = "PHYSOR -- Advances in Reactor Physics -- Linking Research,
                  Industry, and Education",
  address = "Knoxville, Tenneessee",
  month = apr,
  year = 2012
}

@inproceedings{physor-smith-2002,
  author = "Kord S. Smith and Joel D. Rhodes",
  title = "Full-Core, {2-D}, {LWR} Core Calculations with {CASMO-4E}",
  booktitle = "PHYSOR",
  address = "Seoul, South Korea",
  month = "Oct. 7-10",
  year = 2002
}

@inproceedings{physor-sunny-2012,
  author = "Eva E. Sunny and Forrest B. Brown and Brian C. Kiedrowski and
                  William R. Martin",
  title = "Temperature Effects of Resonance Scattering for Epithermal Neutrons
                  in {MCNP}",
  booktitle = "PHYSOR -- Advances in Reactor Physics -- Linking Research,
                  Industry, and Education",
  address = "Knoxville, Tennessee",
  month = apr,
  year = 2012
}

@inproceedings{physor-sutton-1998,
  author = "Thomas M. Sutton and Forrest B. Brown",
  title = "Implementation of the Probability Table Method in a Continuous-Energy
                  {M}onte {C}arlo Code System",
  booktitle = "Int. Conf. Physics of Nuclear Science and Technology",
  address = "Long Island, New York",
  month = oct,
  year = 1998,
}

@inproceedings{physor-viitanen-2012,
  author = "Tuomas Viitanen and Jaakko Lepp{\"{a}}nen",
  title = "Explicit Temperature Treatment in {M}onte {C}arlo Neutron Tracking
                  Routines --- First Results",
  booktitle = "PHYSOR -- Advances in Reactor Physics -- Linking Research,
                  Industry, and Education",
  address = "Knoxville, Tennessee",
  month = apr,
  year = 2012
}

@article{physrev-watt-1952,
  author = "B. E. Watt",
  title = "Energy Spectrum of Neutrons from Thermal Fission of U$^{235}$",
  journal = "Phys. Rev.",
  volume = 87,
  number = 6,
  pages = "1037--1041",
  year = 1952
}

@article{pne-brown-1984,
  author = "Forrest B. Brown and William R. Martin",
  title = "{M}onte {C}arlo Methods for Radiation Transport Analysis on Vector
                  Computers",
  journal = "Prog. Nucl. Energy",
  volume = 14,
  number = 3,
  pages = "269--299",
  year = 1984
}

@article{pne-gelbard-1990,
  author = "Ely M. Gelbard and Richard Prael",
  title = "Computation of Standard Deviations in Eigenvalue Calculations",
  journal = "Prog. Nucl. Energy",
  volume = 24,
  pages = "237--241",
  year = 1990
}

@article{pnst-brown-2011,
  author = "Forrest B. Brown",
  title = "Recent Advances and Future Prospects for {M}onte {C}arlo",
  journal = "Prog. Nucl. Sci. Technol.",
  volume = 2,
  pages = "1--4",
  month = oct,
  year = 2011,
  issn = "2185-4823",
}

@article{pnst-romano-2011,
  author = "Paul Romano and Benoit Forget and Forrest Brown",
  title = "Towards Scalable Parallelism in {M}onte {C}arlo Transport Codes Using
                  Remote Memory Access",
  journal = "Prog. Nucl. Sci. Technol.",
  volume = 2,
  pages = "670--675",
  month = oct,
  year = 2011,
  issn = "2185-4823",
}

@article{pnst-wagner-2011,
  author = "John C. Wagner and Scott W. Mosher and Thomas M. Evans and Douglas
                  E. Peplow and John A. Turner",
  title = "Hybrid and Parallel Domain-Decomposition Methods Development to
                  Enable {M}onte {C}arlo for Reactor Analyses",
  journal = "Prog. Nucl. Sci. Technol.",
  volume = 2,
  pages = "815--820",
  year = 2011,
  issn = "2185-4823",
}

@incollection {pvmmpi-darema-2001,
  author = "Darema, Frederica",
  affiliation = "National Science Foundation USA",
  title = "The SPMD Model: Past, Present and Future",
  booktitle = "Recent Advances in Parallel Virtual Machine and Message Passing
                  Interface",
  series = "Lecture Notes in Computer Science",
  publisher = "Springer Berlin / Heidelberg",
  pages = "1-1",
  volume = 2131,
  year = 2001
}

@misc{romano-2012,
   author = "Paul K. Romano",
   title = "{GitHub - Reactor Physics Benchmark Models}",
   howpublished = "\url{https://github.com/mit-crpg/benchmarks}",
   note = "accessed October 26, 2012"
}

@misc{romano-2012-doc,
   author = "Paul K. Romano",
   title = "{The OpenMC Monte Carlo Code --- OpenMC Documentation}",
   howpublished = "\url{http://mit-crpg.github.com/openmc}",
   note = "accessed October 26, 2012"
}

@inproceedings{sc-alam-2008,
   author = "S. Alam and R. Barrett and M. Bast and M. R. Fahey and J. Kuehn and
                  C. McCurdy and J. Rogers and R. Sankaran and J. S. Vetter and
                  P. Worley and W. Yu",
   title = "Early Evaluation of {IBM} {BlueGene/P}",
   booktitle = "SC08: International Conference of High Performance Computing,
                  Networking, Storage, and Analysis",
   address = "Austin, Texas",
   year = 2008
}

@inproceedings{sc-barnett-1994,
  author = "M. Barnett and S. Gupta and D. Payne and L. Shuler and R. van de
                  Geijn and J. Watts",
  title = "Interprocessor Collective Communication Library (InterCom)",
  booktitle = "Supercomputing '94",
  month = nov,
  year = 1994,
}

@inproceedings{sc-panel-2009,
  author = "Benedict Gaster and Kevin Goldsmith and Tom Murphy and Steven Parker
                  and Michael Wrinn and Evan Smyth and Matt Wolf",
  title = "Preparing the World for Ubiquitous Parallelism",
  booktitle = "Supercomputing",
  address = "Portland, Oregon",
  note = "Panel",
  month = nov,
  year = 2009
}

@inproceedings{schsc-borkar-2009,
  author = "S. Borkar",
  title = "Major Challenges to Achieve Exascale Performance",
  booktitle = "Salishan Conference on High-Speed Computing",
  address = "Gleneden Beach, Oregon",
  month = apr,
  year = 2009,
}

@book{scott-2005,
  author = "L. Ridgway Scott and Terry Clark and Babak Bagheri",
  title = "Scientific Parallel Computing",
  address = "Princeton, New Jersey",
  publisher = "Princeton University Press",
  year = "2005"
}

@inproceedings{sna-lee-2010,
  author = "Min-Jae Lee and Han Gyu Joo and Deokjung Lee and Kord Smith",
  title = "Multigroup {M}onte {C}arlo Reactor Calculation with Coarse Mesh
                  Finite Difference Formulation for Real Variance Reduction",
  booktitle = "Joint International Conference on Supercomputing in Nuclear
                  Applications and Monte Carlo",
  address = "Tokyo, Japan",
  month = oct,
  year = 2010,
}

@inproceedings{sna-leppanen-2010,
  author = "Jaakko Lepp{\"{a}}nen",
  title = "Use of the {S}erpent {M}onte {C}arlo Reactor Physics Code for
                  Full-Core Calculations",
  booktitle = "Joint International Conference on Supercomputing in Nuclear
                  Applications and Monte Carlo",
  address = "Tokyo, Japan",
  month = oct,
  year = 2010,
}

@book{squires-1978,
  author = "G. L. Squires",
  title = "Introduction to the Theory of Thermal Neutron Scattering",
  publisher = "Cambridge University Press",
  address = "Cambridge, United Kingdom",
  year = 1978,
}

@article{trans-brown-1992,
  author = "Forrest Brown and Thomas Sutton",
  title = "Reproducibility and {M}onte {C}arlo Eigenvalue Calculations",
  journal = "Trans. Am. Nucl. Soc.",
  volume = 65,
  pages = "235",
  year = 1992,
}

@article{trans-brown-1994,
  author = "Forrest B. Brown",
  title = "Random Number Generation with Arbitrary Strides",
  journal = "Trans. Am. Nucl. Soc.",
  volume = 71,
  pages = "202--203",
  year = 1994,
}  

@article{trans-brown-2004,
  author = "Forrest B. Brown and William R. Martin",
  title = "High Performance Computing and {M}onte {C}arlo",
  journal = "Trans. Am. Nucl. Soc.",
  volume = 91,
  number = 1,
  pages = "279--280",
  year = 2004
}

@article{trans-brown-2012,
  author = "Forrest B. Brown and William R. Martin and Gokhan Yesilyurt and
                  Scott Wilderman",
  title = "Progress with On-The-Fly Neutron {D}oppler Broadening in {MCNP}",
  journal = "Trans. Am. Nucl. Soc.",
  volume = 106,
  pages = "708--710",
  year = 2012
}

@article{trans-carney-2012,
  author = "Sean Carney and Forrest Brown and Brian Kiedrowski and William
                  Martin",
  title = "Fission Matrix Capability for {MCNP} {M}onte {C}arlo",
  journal = "Trans. Am. Nucl. Soc.",
  volume = 107,
  pages = "494--497",
  year = 2012,
}

@article{trans-romano-2012,
  author = "Paul K. Romano and Benoit Forget",
  title = "Reducing Parallel Communication in {M}onte {C}arlo Simulations via
                  Batch Statistics",
  journal = "Trans. Am. Nucl. Soc.",
  volume = 107,
  pages = "519--522",
  year = 2012
}

@article{trans-troubetzkoy-1973,
  author = "Eugene Troubetzkoy and Herbert Steinberg and Malvin Kalos",
  title = "{M}onte {C}arlo Radiation Penetration Calculations on a Parallel
                  Computer",
  journal = "Trans. Am. Nucl. Soc.",
  volume = 17,
  pages = 260,
  year = 1973,
}

@article{trans-ueki-2002,
  author = "Taro Ueki and Forrest B. Brown",
  title = "Stationarity Diagnostics Using {S}hannon Entropy in {M}onte {C}arlo
                  Criticality Calculation {I}: {F} Test",
  journal = "Trans. Am. Nucl. Soc.",
  volume = 87,
  pages = "156",
  year = 2002,
}

@article{trans-ueki-2008,
  author = "Taro Ueki",
  title = "On-the-Fly Judgments of {M}onte {C}arlo Fission Source Convergence",
  journal = "Trans. Am. Nucl. Soc.",
  volume = 98,
  pages = "512--514",
  year = 2008,
}

@techreport{vtt-leppanen-2007,
  author = "Jaakko Lepp{\"{a}}nen",
  title = "Development of a New {M}onte {C}arlo Reactor Physics Code",
  institution = "VTT Technical Research Centre of Finland",
  number = "P640",
  year = 2007
}

@book{williams-1966,
  author = "M. M. R. Williams",
  title = "The Slowing Down and Thermalization of Neutrons",
  publisher = "North-Holland Publishing Co.",
  address = "Amsterdam, Netherlands",
  year = 1966,
}